%% This BibTeX bibliography file was created using BibDesk.
%% http://bibdesk.sourceforge.net/



    @misc{chen, title={Changyaochen/MECE4520: Materials for the course: Data Science for Mechanical System}, url={https://github.com/changyaochen/MECE4520}, journal={GitHub}, author={Chen, Changyao}
}

    @misc{kumar_2022, title={Laptop\_price\_prediction =88.60\%}, url={https://www.kaggle.com/code/niteshk97/laptop-price-prediction-88-60}, journal={Kaggle}, publisher={Kaggle}, author={KUMAR, NITESH}, year={2022}, month={Oct}
}


@misc{passmark,
        author ={PassMark Software Ltd}, 
        title = {Passmark.com CPU & GPU Benchmark}, 
        url = {https://www.passmark.com/}
        howpublished = "Online",
        month ={Nov}, 
        year = {2022}ï¼Œ 
}